<record><leader>00000cas a22000007a 4500</leader><controlfield tag="001">13646323</controlfield><controlfield tag="008">860527d19161927scudn ne      0    0eng d</controlfield><datafield ind1=" " ind2=" " tag="010"><subfield code="a">sn 86063768 </subfield></datafield><datafield ind1=" " ind2=" " tag="040"><subfield code="a">KSH</subfield><subfield code="b">eng</subfield><subfield code="c">KSH</subfield><subfield code="d">NPT</subfield><subfield code="d">MGN</subfield><subfield code="d">SVN</subfield><subfield code="d">OCLCQ</subfield></datafield><datafield ind1=" " ind2=" " tag="042"><subfield code="a">msc</subfield></datafield><datafield ind1="0" ind2=" " tag="130"><subfield code="a">Piedmont (Greenville, S.C.)</subfield></datafield><datafield ind1="1" ind2="4" tag="245"><subfield code="a">The piedmont.</subfield></datafield><datafield ind1=" " ind2=" " tag="260"><subfield code="a">Greenville, S.C. :</subfield><subfield code="b">Geo. R. Koester</subfield></datafield><datafield ind1=" " ind2=" " tag="300"><subfield code="a">v. :</subfield><subfield code="b">ill. ;</subfield><subfield code="c">58 cm.</subfield></datafield><datafield ind1=" " ind2=" " tag="310"><subfield code="a">Daily (except Sun.)</subfield></datafield><datafield ind1="1" ind2=" " tag="362"><subfield code="a">Began in 1916; ceased in 1927.</subfield></datafield><datafield ind1=" " ind2=" " tag="588"><subfield code="a">Description based on: Vol. 86, no. 263 (Oct. 7, 1916).</subfield></datafield><datafield ind1=" " ind2="4" tag="651"><subfield code="a">Greenville County (S.C.)</subfield><subfield code="v">Newspapers.</subfield></datafield><datafield ind1=" " ind2=" " tag="752"><subfield code="a">United States</subfield><subfield code="b">South Carolina</subfield><subfield code="c">Greenville</subfield><subfield code="d">Greenville.</subfield></datafield><datafield ind1="0" ind2="0" tag="780"><subfield code="t">Greenville daily piedmont</subfield><subfield code="w">(DLC)sn 93067626</subfield></datafield><datafield ind1="0" ind2="0" tag="785"><subfield code="t">Greenville piedmont</subfield><subfield code="w">(DLC)sn 93067719</subfield></datafield><datafield ind1="1" ind2=" " tag="029"><subfield code="a">AU@</subfield><subfield code="b">000025815735</subfield></datafield></record>